@book{feedback,
	author = {Franklin, G. and Powell, J. and Emami-Naeini, Abbas},
	edition = {sixth},
	publisher = {Prentice Hall},
	title = {{Feedback Control of Dynamic Systems}},
	year = {2009}
}

@inproceedings{CDC2002,
	author    = "Roger Skjetne and Sonja Moi and Thor I. Fossen",
	title     = "Nonlinear Formation Control of Marine Craft",
	year      = "2002",
	publisher = "IEEE"
}

@mastersthesis{thorvaldsen,
	author = {Christoffer Thorvaldsen},
	title = "Formation control of marine vessels",
	school = "Norwegian University of Science and Technology",
	year = "2011"
}

%% Thor I. Fossen start
@book{fossen,
	author = "Thor Inge Fossen",
	title = "Handbook of  Marine Craft Hydrodynamics and Motion	Control",
	year = "2011",
	publisher = "Wiley"
}

%% Thor I. Fossen stop

@inproceedings{arrichiello2006formation,
  title={Formation control of underactuated surface vessels using the null-space-based behavioral control},
  author={Arrichiello, Filippo and Chiaverini, Stefano and Fossen, Thor I},
  booktitle={Intelligent Robots and Systems, 2006 IEEE/RSJ International Conference on},
  pages={5942--5947},
  year={2006},
  organization={IEEE}
}

@inproceedings{marino2009behavioral,
	title={Behavioral control for multi-robot perimeter patrol: A finite state automata approach},
	author={Marino, Alessandro and Parker, Lynne and Antonelli,	Gianluca and Caccavale, Fabrizio},
	booktitle={Robotics and Automation, 2009. ICRA'09. IEEE International Conference on},
	pages={831--836},
	year={2009},
	organization={IEEE}
}


@techreport{sname1950,
	author = "SNAME",
	title = "{Nomenclature for Treating the Motion of a Submerged Body
		Through a Fluid. Technical and Research Bulletin No. 1-5}",
	institution = "The Society of Naval Architects and Marine	Engineers",
	year = "1950"
}

@techreport{12gr730,
	author = "Nick Østergaard and Frederik Juul and Rasmus Lundgaard
		Christensen and Attila Fodor and Todor Muresan",
	title = "An autonomous marine environment surveying platform",
	institution = "Aalborg University",
	year = "2012"
}

@techreport{13gr931,
	author = "Brian Bach Nielsen and Rasmus Lundgaard",
	title = "Repetetive Control and Attitude Estimation of Marine Vessels",
	institution = "Aalborg University",
	year = "2013"
}

@misc{tjintech:lipo-basics,
	author = "TJinGuy",
	title = "Lipo basics",
	year = "2014",
	url = "\url{https://sites.google.com/site/tjinguytech/charging-how-tos/lipo-terminology}",
	note = "[Online; accessed 7-February-2014]"
}

@misc{tjintech:lipo-safety,
	author = "TJinGuy",
	title = "Making lipos safe and dealing with failures",
	year = "2014",
	url = "\url{https://sites.google.com/site/tjinguytech/charging-how-tos/lipo-problems}",
	note = "[Online; accessed 7-February-2014]"
}

@article{dubin,
	author = {Sylvester David Eriksson{-}Bique and David G. Kirkpatrick and Valentin Polishchuk},
	title  = {Discrete Dubins Paths},
	journal = {CoRR},
  volume = {abs/1211.2365},
  year   = {2012},
  url    = {http://arxiv.org/abs/1211.2365},
  timestamp = {Sun, 02 Dec 2012 10:33:32 +0100},
  biburl = {http://dblp.uni-trier.de/rec/bib/journals/corr/abs-1211-2365},
  bibsource = {dblp computer science bibliography,	http://dblp.org}
}


@article{ethswarm,
	author = {F. Augugliaro and S. Lupashin and M. Hamer and C. Male and M. Hehn and M.W. Mueller and J. Willmann and F. Gramazio and M. Kohler and R. D’Andrea},
	title = "The Flight Assembled Architecture Installation: Cooperative construction with flying machines",
	year = "2014",
	volume = "34",
	number = "4",
	pages = "46--64",
	journal = "IEEE Control Systems Magazine",
	url = "\url{http://ieeexplore.ieee.org/stamp/stamp.jsp?tp=&arnumber=6853477}"
}

@inproceedings{muv-survey,
author={Youmin Zhang and Hasan Mehrjerdi},
booktitle={Unmanned Aircraft Systems (ICUAS), 2013 International Conference on Unmanned Aircraft Systems},
title={A survey on multiple unmanned vehicles formation control and coordination: Normal and fault situations},
year={2013},
month={May},
pages={1087-1096},
keywords={fault tolerance;mobile robots;multi-robot systems;trajectory control;fault situations;group coordination;multiple unmanned vehicles formation control;multiple unmanned vehicles formation coordination;multivehicle applications;normal situations;trajectory-path following;Collision avoidance;Mobile robots;Robot kinematics;Robot sensing systems;Trajectory;Vehicles;Cooperation;Coordination;Multiple unmanned vehicles;Path following},
doi={10.1109/ICUAS.2013.6564798},
url = "\url{http://ieeexplore.ieee.org/stamp/stamp.jsp?arnumber=6564798}"
}

@misc{muv-survey1,
	author = {Kwang-Kyo Oh, Myoung-Chul Park and Hyo-Sung Ahn},
	title = {A survey of multi-agent formation control: Position-, displacement-, and distance-based approaches},
	year = "17-12-2012",
	note = "[Online; accessed 3-June-2014]"
}

@misc{portofaalborg,
	author = "{Port of Aalborg}",
	title = "Meeting with {P}ort of {A}alborg",
	year = "28-02-2014",
	url = "\url{http://www.aalborghavn.dk/}",
	note = "[Meeting with Port of Aalborg to see if it was possible to facilitate some of their needs within the maritime subjects of our project. General information of the Limfjord and the Port of Aalborg was given.]"
}

@misc{mss,
	author = "Thor I. Fossen and Tristan Perez",
	title = "{M}arine {S}ystems {S}imulator {(MSS)}",
	year = "2010",
	note = "Matlab toolbox, 2010, [Online; accessed 22-May-2014], \url{http://marinecontrol.org/}"
}

@misc{horizon-img,
	author = "poslarchive.com",
	title = "Sun on Horizon image",
	year = "2003",
	note = "[Online; accessed 7-Januray-2014],
	\url{http://www.poslarchive.com/math/images/wallpaper/sun-on-horizon.jpg}"
}

@misc{geomag,
	author = "{N}ational {O}ceanic and {A}tmospheric {A}dministration ({NOAA})",
	title = "Magnetic Field Calculators",
	year = "2014",
	note = "[Online database; accessed 1-September-2014]. \url{http://www.ngdc.noaa.gov/geomag-web/}"
}

@misc{rtk,
	author = "{European Space Agency {(ESA)}}",
	title = "{RTK} Fundamentals",
	year = "2014",
	note = "\url{http://www.navipedia.net/index.php/RTK_Fundamentals}, [Online accessed, December 2014]"
}

@mastersthesis{fullactuatship,
	title = "Output feedback tracking of a fully actuated ship",
	author = "Michiel Wondergem",
	year = "July, 2005",
	note = "[Online; accessed 3-June-2014]. DCT 2005.104. {http://alexandria.tue.nl/repository/books/598447.pdf}",
	school = "Technische Universiteit Eindhoven"
}

@article{mahony,
author={Mahony, R. and Hamel, T. and Pflimlin, Jean-Michel},
journal={Automatic Control, IEEE Transactions on},
title={Nonlinear Complementary Filters on the Special Orthogonal Group},
year={2008},
month={June},
volume={53},
number={5},
pages={1203-1218},
keywords={Lyapunov methods;SO(3) groups;attitude control;nonlinear filters;observers;Lyapunov analysis;SO(3);attitude estimates;deterministic observer kinematics;inertial measurement units;nonlinear complementary filters;special orthogonal group;Additive noise;Angular velocity;Costs;Filtering;Kinematics;Measurement units;Noise level;Passive filters;Position measurement;Time varying systems;Attitude estimates;complementary filter;nonlinear observer;special orthogonal group},
doi={10.1109/TAC.2008.923738},
ISSN={0018-9286}
}

@ARTICLE{mahony2,
author={Mahony, R. and Hamel, T. and Pflimlin, Jean-Michel},
journal={Automatic Control, IEEE Transactions on},
title={Nonlinear Complementary Filters on the Special Orthogonal Group},
year={2008},
month={June},
volume={53},
number={5},
pages={1203-1218},
keywords={Lyapunov methods;SO(3) groups;attitude control;nonlinear filters;observers;Lyapunov analysis;SO(3);attitude estimates;deterministic observer kinematics;inertial measurement units;nonlinear complementary filters;special orthogonal group;Additive noise;Angular velocity;Costs;Filtering;Kinematics;Measurement units;Noise level;Passive filters;Position measurement;Time varying systems;Attitude estimates;complementary filter;nonlinear observer;special orthogonal group},
doi={10.1109/TAC.2008.923738},
ISSN={0018-9286}
}

@inproceedings{mahony3,
  title={A complementary filter for attitude estimation of a fixed-wing UAV},
  author={Euston, Mark and Coote, Paul and Mahony, Robert and Kim, Jonghyuk and Hamel, Tarek},
  booktitle={Intelligent Robots and Systems, 2008. IROS 2008. IEEE/RSJ International Conference on},
  pages={340--345},
  year={2008},
  organization={IEEE}
}


@article{madgwick2010efficient,
	title={An efficient orientation filter for inertial and	inertial/magnetic sensor arrays},
	author={Madgwick, S},
	journal={Report x-io and University of Bristol (UK)},
	year={2010}
}


@article{i2001nonlinear,
  title={Nonlinear passive weather optimal positioning control {(WOPC)} system for ships and rigs: experimental results},
  author={I. Fossen, Thor and Strand, Jann Peter},
  journal={Automatica},
  volume={37},
  number={5},
  pages={701--715},
  year={2001},
  publisher={Elsevier}
}


@conference {rosoverview,
	title = {ROS: an open-source Robot Operating System},
	booktitle = {ICRA Workshop on Open Source Software},
	year = {2009},
	note = {[Online; accessed 29-September-2014]. \url{http://www.willowgarage.com/sites/default/files/icraoss09-ROS.pdf}},
	author = {Morgan Quigley and Ken Conley and Brian P. Gerkey and Josh Faust and Tully Foote and Jeremy Leibs and Rob Wheeler and Andrew Y. Ng}
}

@inproceedings{1013687,
author={Carpin, S. and Parker, L.E.},
booktitle={Robotics and Automation, 2002. Proceedings. ICRA '02. IEEE International Conference on},
title={Cooperative leader following in a distributed multi-robot system},
year={2002},
month={},
volume={3},
pages={2994-3001},
keywords={mobile robots;multi-robot systems;multi-threading;position control;cooperative leader following;distributed multi-robot system;distributed technique;heterogeneous sensing capabilities;indoor environments;multi-threaded framework;outdoor environments;robot level behaviors;team level behaviors;Computer science;Humans;Informatics;Laboratories;Mathematics;Multirobot systems;Robot kinematics;Robot sensing systems;Robustness;Scheduling},
doi={10.1109/ROBOT.2002.1013687}}

@ARTICLE{5504176,
author={Goncalves, V.M. and Pimenta, L.C.A. and Maia, C.A. and Dutra, B.C.O. and Pereira, G.A.S.},
journal={Robotics, IEEE Transactions on},
title={Vector Fields for Robot Navigation Along Time-Varying Curves in $n$-Dimensions},
year={2010},
month={Aug},
volume={26},
number={4},
pages={647-659},
keywords={Limit cycles;mobile robots;motion control;time-varying systems},
doi={10.1109/TRO.2010.2053077},
ISSN={1552-3098}}

%% Vijay Kumar start
@inproceedings{pfmrm,
Address = {Washington, D.C.},
Author = {P. Song and V. Kumar},
Booktitle = {Proc. IEEE Intl. Conf. On Robotics and Automation},
Date-Modified = {2007-06-08 10:03:20 -0400},
Month = {May},
Title = {A Potential Field Based Approach to Multi-Robot Manipulation},
Year = {2002}}

@incollection{RF:PS:AD:02,
Author = {V. Kumar and R. Fierro and P. Song and A. Das},
Booktitle = {Cooperative Control and Optimization: Series on Applied Optimization},
Date-Added = {2010-08-24 20:48:30 -0400},
Date-Modified = {2010-08-24 20:50:12 -0400},
Editor = {R. Murphey and P. Paradalos},
Pages = {79-93},
Publisher = {Kluwer Academic Press},
Title = {Cooperative Control of Robot Formations},
Year = {2002}}

@inproceedings{fccsc,
Address = {Las Vegas},
Author = {G. A. S. Pereira and V. Kumar and M. F. M. Campos},
Booktitle = {Proc. Int'l Conf. on Intelligent Robots and Systems},
Date-Modified = {2007-06-08 10:03:20 -0400},
Month = {October 27-31},
Title = {Formation Control with Configuration Space Constraints},
Year = {2003}}

@article{LC:FC:04,
Author = {L. Chaimowicz and V. Kumar and F. M. Campos},
Date-Modified = {2007-06-08 10:03:20 -0400},
Journal = {Autonomous Robots},
Month = {July},
Number = {1},
Pages = {7-21},
Title = {A Paradigm for Dynamic Coordination of Multiple Robots},
Volume = {17},
Year = {2004}}

@article{TKP04,
Author = {Tanner, H. G. and Kumar, V. and G. J. Pappas},
Date-Modified = {2007-06-08 10:03:20 -0400},
Journal = {IEEE Transactions on Robotics and Automation},
Month = {June},
Title = {Leader-to-Formation Stability},
Year = {2004}}

@inproceedings{MicZavKum0805,
Address = {Pasadena, CA},
Author = {N. Michael and M. M. Zavlanos and V. Kumar and G. J. Pappas},
Date-Added = {2008-06-11 05:28:14 -0400},
Date-Modified = {2008-06-11 05:28:14 -0400},
Month = {May},
Pages = {128-133},
Title = {Distributed Multi-Robot Task Assignment and Formation Control},
Year = {2008}
}

@inproceedings{ayanian2010abstractions,
  title={Abstractions and controllers for groups of robots in environments with obstacles},
  author={Ayanian, Nora and Kumar, Vijay},
  booktitle={Robotics and Automation (ICRA), 2010 IEEE International Conference on},
  pages={3537--3542},
  year={2010},
  organization={IEEE}
}

@inproceedings{Planning:ICRA:10,
Address = {Anchorage, Alaska},
Author = {Subhrajit Bhattacharya and Maxim Likhachev and Vijay Kumar},
Booktitle = {Proceedings of IEEE International Conference on Robotics and Automation (ICRA)},
Date-Added = {2012-08-18 09:45:51 +0000},
Date-Modified = {2012-08-18 09:45:51 +0000},
Key = {DistributedOptimizationPhD, Optimization, Distributed, Planning, Graph, Search, Robotics, Bibfile-Presentations, conference},
Month = {3-8 May},
Title = {Multi-agent Path Planning with Multiple Tasks and Distance Constraints},
Url = {http://ieeexplore.ieee.org/xpl/freeabs_all.jsp?arnumber=5509713},
Year = {2010},
Bdsk-Url-1 = {http://ieeexplore.ieee.org/xpl/freeabs_all.jsp?arnumber=5509713}}

@techreport{bhattacharya2010distributed,
  title={Distributed path consensus algorithm},
  author={Bhattacharya, Subhrajit and Likhachev, Maxim and Kumar, Vijay},
  year={2010},
  institution={Technical Report MS-CIS-10-07, University of Pennsylvania}
}

%% Vijay Kumar stop

%% Random other papers with great relevance start
@INPROCEEDINGS{1655803,
	author={Elkaim, G.H. and Kelbley, R.J.},
	booktitle={Aerospace Conference, 2006 IEEE},
	title={A lightweight formation control methodology for a swarm of non-holonomic vehicles},
	year={2006},
	month={},
	pages={8 pp.-},
	keywords={collision avoidance;navigation;remotely operated vehicles;stability;autonomous applications;bandwidth requirements;biological systems;complex obstacle environment;complex obstacle fields;distributed methods;formation morphing capabilities;group cohesion;lightweight formation control methodology;multivehicle swarms;nonholonomic constraints;nonholonomic tricycle vehicles;nonholonomic vehicles;potential functions;robotic applications;swarm behavior;Bandwidth;Biological systems;Communication system control;Computational modeling;Distributed computing;Lighting control;Navigation;Remotely operated vehicles;Robots;Robustness},
	doi={10.1109/AERO.2006.1655803},}

@INPROCEEDINGS{UAVff3dpf,
author={Paul, T. and Krogstad, T.R. and Gravdahl, J.T.},
booktitle={16th Mediterranean Conference on Control and Automation},
title={{UAV} formation flight using {3D} potential field},
year={2008},
month={June},
pages={1240-1245},
keywords={aerospace computing;aerospace robotics;control engineering computing;helicopters;mobile robots;remotely operated vehicles;3D potential field;MATLAB/Simulink;UAV formation flight;collision avoidance;extended local potential field;formation reconfiguration;obstacle avoidance;potential field approach;simplified small-scale helicopter;unmanned aerial vehicles;virtual leader approach;Automatic control;Collision avoidance;Helicopters;Marine vehicles;Mathematical model;Military aircraft;Riccati equations;Robustness;Unmanned aerial vehicles;Vehicle dynamics;Unmanned systems;aerospace control;modelling and simulation},
doi={10.1109/MED.2008.4601984},}

@ARTICLE{976029,
author={Egerstedt, M. and Xiaoming Hu},
journal={Robotics and Automation, IEEE Transactions on},
title={Formation constrained multi-agent control},
year={2001},
month={Dec},
volume={17},
number={6},
pages={947-951},
keywords={intelligent control;mobile robots;multi-agent systems;position control;bounded tracking error assumption;coordinated control;formation constrained multi-agent control;formation error;mobile robots;model independent coordination strategy;multi-agent formation control;rigid body constrained motions;Distributed control;Manufacturing;Mobile robots;Navigation;Robot control;Robot kinematics;Robustness;Stability;Trajectory;Vehicle dynamics},
doi={10.1109/70.976029},
ISSN={1042-296X},}

@ARTICLE{gess,
	author={Ge, S.S. and Cui, Y.J.},
	journal={Robotics and Automation, IEEE Transactions on},
	title={New potential functions for mobile robot path planning},
	year={2000},
	month={Oct},
	volume={16},
	number={5},
	pages={615-620},
	keywords={functions;mobile robots;path planning;global minimum;goal
		position;obstacles;potential field methods;relative
			distance;repulsive potential functions;Control
			systems;Mathematical analysis;Mobile robots;Path
			planning;Robotics and automation;Safety;Two dimensional
			displays},
	doi={10.1109/70.880813},
	ISSN={1042-296X}
}

% Suggested by aaurob reviewer start
@ARTICLE{dong,
	author={Dong, W. and Farrell, J.A.},
	journal={Control Theory Applications, IET},
	title={Formation control of multiple underactuated surface vessels},
	year={2008},
	month={December},
	volume={2},
	number={12},
	pages={1077-1085},
	keywords={closed loop systems;delay systems;graph theory;marine
		systems;stability;closed-loop system stability;cooperative
			control;formation control;graph theory;multiple underactuated
			surface vessels;time delay},
	doi={10.1049/iet-cta:20080183},
	ISSN={1751-8644}
}

@ARTICLE{peng,
	author={Peng, Z. and Wang, D. and Hu, X.},
	journal={Control Theory Applications, IET},
	title={Robust adaptive formation control of underactuated autonomous
		surface vehicles with uncertain dynamics},
	year={2011},
	month={August},
	volume={5},
	number={12},
	pages={1378-1387},
	keywords={Lyapunov methods;adaptive control;multi-robot
		systems;neurocontrollers;robust control;vehicles;Lyapunov
			synthesis;leader-follower formation;line-of-sight range;neural
			formation controller;neural network-based control design;robust
			adaptive formation control;uncertain leader
			dynamics;underactuated autonomous surface vehicles},
	doi={10.1049/iet-cta.2010.0429},
	ISSN={1751-8644}
}
% Suggested by aaurob reviewer stop

%% Random other papers with great relevance stop
